@inproceedings{Davis:2016:EDM,
 author = {Davis, Dan and Chen, Guanliang and Hauff, Claudia and Houben,
           Geert-Jan},
 title = {{Gauging MOOC Learners' Adherence to the Designed Learning Path}},
 booktitle = {Proc. EDM},
 year = {2016},
 pages = {54--61},
}

@inproceedings{Faucon:2016:EDM,
  author = {Faucon, Louis and Kidzinski, Lukasz and Dillenbourg, Pierre},
  booktitle = {Proc. EDM},
  pages = {358-363},
  title = {{Semi-Markov model for simulating MOOC students}},
  year = 2016
}

@inproceedings{Huang:2014:LAS,
 author = {Huang, Jonathan and Dasgupta, Anirban and Ghosh, Arpita and Manning, Jane and Sanders, Marc},
 title = {{Superposter Behavior in MOOC Forums}},
 booktitle = {Proc. L@S},
 year = {2014},
 pages = {117--126},
 numpages = {10},
}

@article{Kizilcec:2017:CandE,
 title = {{Self-regulated learning strategies predict learner behavior and
          goal attainment in Massive Open Online Courses}},
 journal = {{Computers \& Education}},
 volume = "104",
 number = "",
 pages = "18 - 33",
 year = "2017",
 note = "",
 issn = "0360-1315",
 author = "Ren{\'e} F. Kizilcec and Mar P{\'e}rez-Sanagust{\'i}n and Jorge J.
 Maldonado",
 keywords = "Online learning",
 keywords = "Learning analytics",
 keywords = "Individual differences",
 keywords = "Self-regulated learning",
 keywords = "Massive open online course "
}

@inproceedings{Kizilcec:2013:LAK,
 author = {Kizilcec, Ren{\'e} F. and Piech, Chris and Schneider, Emily},
 title = {{Deconstructing Disengagement: Analyzing Learner Subpopulations
          in Massive Open Online Courses}},
 booktitle = {Proc. LAK},
 year = {2013},
 pages = {170--179},
 numpages = {10},
 acmid = {2460330},
 keywords = {MOOCs, learner engagement patterns, learning analytics},
}

@InProceedings{Massung:2016:ACL,
  author    = {Massung, Sean and Geigle, Chase and Zhai, {ChengXiang}},
  title     = {{MeTA: A Unified Toolkit for Text Retrieval and Analysis}},
  booktitle = {Proc. ACL Sys. Demo.},
  month     = {August},
  year      = {2016},
  pages     = {91--96},
}

@incollection{Rabiner:1990:RSR,
 author = {Rabiner, Lawrence R.},
 chapter = {{A Tutorial on Hidden Markov Models and Selected Applications
            in Speech Recognition}},
 title = {{Readings in Speech Recognition}},
 year = {1990},
 pages = {267--296},
}

@inproceedings{Shih:2010:EDM,
 author = {Shih, Benjamin and Koedinger, Kenneth R and Scheines, Richard},
 booktitle = {Proc. EDM},
 title = {{Unsupervied Discovery of Student Strategies}},
 year = 2010,
 pages = {201--210}
}
