@inproceedings{Kizilcec:2013:LAK,
 author = {Kizilcec, Ren{\'e} F. and Piech, Chris and Schneider, Emily},
 title = {Deconstructing Disengagement: Analyzing Learner Subpopulations in Massive Open Online Courses},
 booktitle = {Proceedings of the Third International Conference on Learning Analytics and Knowledge},
 series = {LAK '13},
 year = {2013},
 isbn = {978-1-4503-1785-6},
 location = {Leuven, Belgium},
 pages = {170--179},
 numpages = {10},
 acmid = {2460330},
 keywords = {MOOCs, learner engagement patterns, learning analytics},
}

@inproceedings{Faucon:2016:EDM,
  author = {Faucon, Louis and Kidzinski, Lukasz and Dillenbourg, Pierre},
  booktitle = {EDM},
  pages = {358-363},
  title = {Semi-Markov model for simulating MOOC students.},
  year = 2016
}

@inproceedings{Shih:2010:EDM,
 author = {Shih, Benjamin and Koedinger, Kenneth R and Scheines, Richard},
 booktitle = {EDM},
 title = {Unsupervied Discovery of Student Strategies},
 year = 2010
}

@inproceedings{Ypma:2002:Springer,
  title={Automatic categorization of web pages and user clustering with mixtures of hidden markov models},
  author={Ypma, Alexander and Heskes, Tom},
  booktitle={International Workshop on Mining Web Data for Discovering Usage Patterns and Profiles},
  pages={35--49},
  year={2002},
  organization={Springer}
}
